@Conference{danielsson2010mpc,
	title = {{Subtyping, declaratively; an exercise in mixed induction and coinduction}},
	author = {Danielsson, Nils Anders and Altenkirch, Thorsten},
	booktitle = {proceedings of the Tenth International Conference on Mathematics of Program Construction (MPC 10)},
	year = 2010
}
@TechReport{nuo2010report,
	title = {Representing numbers in Agda},
	note = {Summer internship report},
	author = {Nuo, Li},
	year = 2010,
	institution = {School of Computer Science, University of Nottingham}
}
@Article{hofmann1995thesis,
	title = {Extensional concepts in intensional type theory},
	author = {Hofmann, M.},
	year = 1995,
	publisher = {University of Edinburgh. College of Science and Engineering. School of Informatics.}
}
@Book{nordstrom1990programming,
	title = {Programming in Martin-L{\"o}fâ€™s type theory},
	author = {Nordstr{\"o}m, B. and Petersson, K. and Smith, J.M.},
	volume = 85,
	year = 1990,
	publisher = {Citeseer}
}
@inproceedings{mendler1990quotient,
  title={Quotient types via coequalizers in Martin-Lof type theory},
  author={Mendler, N.P.},
  booktitle={Proceedings of the Logical Frameworks Workshop},
  pages={349--361},
  year={1990}
}
@article{barthe2003setoids,
  title={Setoids in type theory},
  author={Barthe, G. and Capretta, V. and Pons, O.},
  journal={Journal of Functional Programming},
  volume={13},
  number={02},
  pages={261--293},
  year={2003},
  publisher={Cambridge Univ Press}
}
@article{norell-phd,
  title={Towards a practical programming language based on dependent type theory},
  author={Norell, U.},
  journal={D thesis, Chalmers University of Technology},
  year={2007},
  publisher={Citeseer}
}
@article{maietti1999effective,
  title={About effective quotients in constructive type theory},
  author={Maietti, M.},
  journal={Types for Proofs and Programs},
  pages={166--178},
  year={1999},
  publisher={Springer}
}